@article{kuhn2017genuine,
  title     = {Genuine semantic publishing},
  author    = {Kuhn, Tobias and Dumontier, Michel},
  journal   = {Data Science},
  volume    = {1},
  number    = {1-2},
  pages     = {139--154},
  year      = {2017},
  publisher = {SAGE Publications Sage UK: London, England}
}
